@book{introduction_real_analysis,
  title={Introduction to Real Analysis},
  author={Bartle, R.G. and Sherbert, D.R.},
  isbn={9780471059448},
  lccn={81015924},
  url={https://books.google.com.cu/books?id=tyjvAAAAMAAJ},
  year={1982},
  publisher={Wiley}
}

@book{ecuaciones_lineales,
  title={Ecuaciones diferenciales I: Ecuaciones lineales},
  author={P{\'e}rez, C.F.},
  number={v. 1},
  isbn={9788436806977},
  series={Ciencia Y T{\'e}cnica},
  url={https://books.google.es/books?id=LVdpKAAACAAJ},
  year={1992},
  publisher={Ediciones Pir{\'a}mide}
}

@book{perez1996ecuaciones,
  title={Ecuaciones diferenciales II: Ecuaciones no lineales},
  author={P{\'e}rez, C.F. and Montaner, J.M.V.},
  number={v. 2},
  isbn={9788436810219},
  series={Ciencia Y T{\'e}cnica},
  url={https://books.google.es/books?id=nkLDAQAACAAJ},
  year={1996},
  publisher={Ediciones Pir{\'a}mide}
}

@book{fernandez2003ecuaciones,
  title={Ecuaciones diferenciales y en diferencias: sistemas din{\'a}micos},
  author={FERN{\'A}NDEZ P{\'E}REZ, C. and V{\'A}ZQUEZ HERNANDEZ, F.J. and VEGAS MONTANER, J.M.},
  isbn={9788497321983},
  series={Ciencia y t{\'e}cnica},
  url={https://books.google.es/books?id=dReLL-V2768C},
  year={2003},
  publisher={Ediciones Paraninfo, S.A}
}
